% Section 1
@book{10.5555/31026,
author = {Koblitz, Neal},
title = {A course in number theory and cryptography},
year = {1987},
isbn = {0387965769},
publisher = {Springer-Verlag},
address = {Berlin, Heidelberg}
}

%Section 2
@book{stein2011fourier,
  title={Fourier Analysis: An Introduction},
  author={Stein, E.M. and Shakarchi, R.},
  isbn={9781400831234},
  series={Princeton lectures in analysis},
  url={https://books.google.ca/books?id=FAOc24bTfGkC},
  year={2011},
  publisher={Princeton University Press}
}

%Section 3
@book{nielsen00,
  added-at = {2010-06-22T17:54:31.000+0200},
  author = {Nielsen, Michael A. and Chuang, Isaac L.},
  biburl = {https://www.bibsonomy.org/bibtex/222bf6f3de23faf420214d738924ac21b/mcclung},
  interhash = {140ce4be72c2994b45286dbaa98d0bd3},
  intrahash = {22bf6f3de23faf420214d738924ac21b},
  keywords = {computing information quantum},
  publisher = {Cambridge University Press},
  timestamp = {2010-06-22T17:54:31.000+0200},
  title = {Quantum Computation and Quantum Information},
  year = 2000
}

%Section 4
%Nielsen & Chuang
@article{Parker_2000,
   title={Efficient Factorization with a Single Pure Qubit and<mml:math xmlns:mml="http://www.w3.org/1998/Math/MathML" display="inline"><mml:mi>log</mml:mi><mml:mi mathvariant="italic">N</mml:mi></mml:math>Mixed Qubits},
   volume={85},
   ISSN={1079-7114},
   url={http://dx.doi.org/10.1103/PhysRevLett.85.3049},
   DOI={10.1103/physrevlett.85.3049},
   number={14},
   journal={Physical Review Letters},
   publisher={American Physical Society (APS)},
   author={Parker, S. and Plenio, M. B.},
   year={2000},
   month=oct, pages={3049–3052} }

%Section 5
%Nielsen & Chuang

%Section 6
@misc{draper2000additionquantumcomputer,
      title={Addition on a Quantum Computer}, 
      author={Thomas G. Draper},
      year={2000},
      eprint={quant-ph/0008033},
      archivePrefix={arXiv},
      primaryClass={quant-ph},
      url={https://arxiv.org/abs/quant-ph/0008033}, 
}

@misc{pavlidis2013fastquantummodularexponentiation,
      title={Fast Quantum Modular Exponentiation Architecture for Shor's Factorization Algorithm}, 
      author={Archimedes Pavlidis and Dimitris Gizopoulos},
      year={2013},
      eprint={1207.0511},
      archivePrefix={arXiv},
      primaryClass={quant-ph},
      url={https://arxiv.org/abs/1207.0511}, 
}

@misc{beauregard2003circuitshorsalgorithmusing,
      title={Circuit for Shor's algorithm using 2n+3 qubits}, 
      author={Stephane Beauregard},
      year={2003},
      eprint={quant-ph/0205095},
      archivePrefix={arXiv},
      primaryClass={quant-ph},
      url={https://arxiv.org/abs/quant-ph/0205095}, 
}

%Section 7


%Section 8


%Section 9
@article{Shor_1997,
   title={Polynomial-Time Algorithms for Prime Factorization and Discrete Logarithms on a Quantum Computer},
   volume={26},
   ISSN={1095-7111},
   url={http://dx.doi.org/10.1137/S0097539795293172},
   DOI={10.1137/s0097539795293172},
   number={5},
   journal={SIAM Journal on Computing},
   publisher={Society for Industrial & Applied Mathematics (SIAM)},
   author={Shor, Peter W.},
   year={1997},
   month=oct, pages={1484–1509} }

%Annexe A
@book{kreyszig11,
  added-at = {2013-10-26T22:02:25.000+0200},
  address = {Hoboken, NJ},
  author = {Kreyszig, Erwin and Kreyszig, Herbert and Norminton, E. J.},
  biburl = {https://www.bibsonomy.org/bibtex/20a73312b197dea61885c5f118343ad72/ytyoun},
  edition = {Tenth},
  interhash = {a1e83de970337b5df32d1c35012c6ed4},
  intrahash = {0a73312b197dea61885c5f118343ad72},
  isbn = {0470458364},
  keywords = {cramer engineering kreyszig linear.algebra math matrix textbook},
  publisher = {Wiley},
  timestamp = {2016-04-08T13:41:19.000+0200},
  title = {Advanced Engineering Mathematics},
  year = 2011
}

@book{Schumacher_Westmoreland_2010, place={Cambridge}, title={Quantum Processes Systems, and Information}, publisher={Cambridge University Press}, author={Schumacher, Benjamin and Westmoreland, Michael}, year={2010}}

%Annexe B
@book{hardy75,
  added-at = {2015-09-12T11:45:00.000+0200},
  author = {Hardy, G. H. and Wright, E. M.},
  biburl = {https://www.bibsonomy.org/bibtex/2b35318f49d1878aae846dd8d11fb101e/ytyoun},
  edition = {Fourth},
  interhash = {2d82e2a574c43e1a84b24b25682d33f6},
  intrahash = {b35318f49d1878aae846dd8d11fb101e},
  keywords = {number.theory textbook},
  publisher = {Oxford},
  timestamp = {2015-09-12T11:45:00.000+0200},
  title = {An Introduction to the Theory of Numbers},
  year = 1975
}

%Annexe C
@article{Smolin_2013,
   title={Oversimplifying quantum factoring},
   volume={499},
   ISSN={1476-4687},
   url={http://dx.doi.org/10.1038/nature12290},
   DOI={10.1038/nature12290},
   number={7457},
   journal={Nature},
   publisher={Springer Science and Business Media LLC},
   author={Smolin, John A. and Smith, Graeme and Vargo, Alexander},
   year={2013},
   month=jul, pages={163–165} }